@BOOK{chicago2010,
  title={The Chicago Manual of Style},
  author={University of Chicago Press},
  isbn={9780226104201},
  lccn={92037475},
  series={Chicago Manual of Style},
  year={2010},
  publisher={University of Chicago Press}
}

@BOOK{Nowak2000,
  author = 	 {Andrzej~S. Nowak and Kevin~R. Collins},
  title = 	 {Reliability of Structures},
  publisher = 	 {McGraw-Hill Higher Education},
  year = 	 2000,
  series = 	 {McGraw-Hill civil engineering series},
  address = 	 {Boston},
  edition = 	 {first edition},
  isbn={9780070481633},
  lccn={99026732},
}

@Article{Stewart2009,
author = "Mark G. Stewart",
title = "Mechanical behaviour of pitting corrosion of flexural and shear reinforcement and its effect on structural reliability of corroding RC beams",
journal = "Structural Safety",
volume = "31",
number = "1",
pages = "19--30",
year = "2009",
issn = "0167-4730",
doi = "10.1016/j.strusafe.2007.12.001",
}


